<record><leader>00000cas a2200000 a 4500</leader><controlfield tag="001">7966890</controlfield><controlfield tag="008">811202d19811982iluwr ne      0   a0eng c</controlfield><datafield ind1=" " ind2=" " tag="010"><subfield code="a">sn 81002525 </subfield></datafield><datafield ind1=" " ind2=" " tag="040"><subfield code="a">NSD</subfield><subfield code="b">eng</subfield><subfield code="c">NSD</subfield><subfield code="d">OCL</subfield><subfield code="d">NSD</subfield><subfield code="d">NST</subfield><subfield code="d">OCL</subfield><subfield code="d">IUL</subfield><subfield code="d">NST</subfield><subfield code="d">MGN</subfield><subfield code="d">YOX</subfield><subfield code="d">NVF</subfield><subfield code="d">MHN</subfield><subfield code="d">NVK</subfield><subfield code="d">CVF</subfield><subfield code="d">OCL</subfield><subfield code="d">NYS</subfield><subfield code="d">OCLCQ</subfield><subfield code="d">WAU</subfield><subfield code="d">OCLCQ</subfield><subfield code="d">OCLCF</subfield><subfield code="d">NVF</subfield><subfield code="d">OCLCO</subfield><subfield code="d">NVF</subfield><subfield code="d">OCL</subfield><subfield code="d">OCLCO</subfield></datafield><datafield ind1=" " ind2=" " tag="012"><subfield code="m">d</subfield></datafield><datafield ind1="0" ind2=" " tag="022"><subfield code="a">0744-0014</subfield><subfield code="l">0744-0014</subfield><subfield code="y">0161-8644</subfield><subfield code="2">1</subfield></datafield><datafield ind1="1" ind2=" " tag="029"><subfield code="a">AU@</subfield><subfield code="b">000040686984</subfield></datafield><datafield ind1=" " ind2=" " tag="042"><subfield code="a">nsdp</subfield><subfield code="a">pcc</subfield></datafield><datafield ind1=" " ind2=" " tag="043"><subfield code="a">n-us---</subfield><subfield code="a">n-us-il</subfield></datafield><datafield ind1=" " ind2="0" tag="222"><subfield code="a">World Muslim news</subfield></datafield><datafield ind1="0" ind2="0" tag="245"><subfield code="a">World Muslim news.</subfield></datafield><datafield ind1=" " ind2=" " tag="260"><subfield code="a">Chicago, Ill. :</subfield><subfield code="b">World Muslim News,</subfield><subfield code="c">1981-1982.</subfield></datafield><datafield ind1=" " ind2=" " tag="300"><subfield code="a">v.</subfield></datafield><datafield ind1=" " ind2=" " tag="310"><subfield code="a">Weekly</subfield></datafield><datafield ind1="0" ind2=" " tag="362"><subfield code="a">Vol. 7, no. 1 (Nov. 6, 1981)-v. 7, no. 28 (May 14, 1982).</subfield></datafield><datafield ind1=" " ind2=" " tag="525"><subfield code="a">Issues for Mar. 26-May 14, 1982 include supplements with title: World news examiner.</subfield></datafield><datafield ind1=" " ind2=" " tag="530"><subfield code="a">Available on microfilm;</subfield><subfield code="b">University Microfilms International.</subfield></datafield><datafield ind1=" " ind2="0" tag="650"><subfield code="a">Black Muslims</subfield><subfield code="v">Newspapers.</subfield></datafield><datafield ind1=" " ind2="0" tag="650"><subfield code="a">African Americans</subfield><subfield code="v">Newspapers.</subfield></datafield><datafield ind1=" " ind2="0" tag="650"><subfield code="a">African American Muslims</subfield><subfield code="v">Newspapers.</subfield></datafield><datafield ind1=" " ind2="0" tag="650"><subfield code="a">African American newspapers</subfield><subfield code="z">Illinois</subfield><subfield code="z">Chicago.</subfield></datafield><datafield ind1=" " ind2="0" tag="651"><subfield code="a">Chicago (Ill.)</subfield><subfield code="v">Newspapers.</subfield></datafield><datafield ind1=" " ind2="0" tag="651"><subfield code="a">Cook County (Ill.)</subfield><subfield code="v">Newspapers.</subfield></datafield><datafield ind1=" " ind2="0" tag="651"><subfield code="a">United States</subfield><subfield code="x">Race relations</subfield><subfield code="v">Newspapers.</subfield></datafield><datafield ind1=" " ind2="7" tag="655"><subfield code="a">African American newspapers</subfield><subfield code="z">Illinois.</subfield><subfield code="2">ngl</subfield></datafield><datafield ind1=" " ind2="7" tag="655"><subfield code="a">Newspapers.</subfield><subfield code="2">fast</subfield><subfield code="0">(OCoLC)fst01423814</subfield></datafield><datafield ind1=" " ind2="7" tag="650"><subfield code="a">African American Muslims.</subfield><subfield code="2">fast</subfield><subfield code="0">(OCoLC)fst00798985</subfield></datafield><datafield ind1=" " ind2="7" tag="650"><subfield code="a">African American newspapers.</subfield><subfield code="2">fast</subfield><subfield code="0">(OCoLC)fst00799278</subfield></datafield><datafield ind1=" " ind2="7" tag="650"><subfield code="a">African Americans.</subfield><subfield code="2">fast</subfield><subfield code="0">(OCoLC)fst00799558</subfield></datafield><datafield ind1=" " ind2="7" tag="650"><subfield code="a">Black Muslims.</subfield><subfield code="2">fast</subfield><subfield code="0">(OCoLC)fst00833633</subfield></datafield><datafield ind1=" " ind2="7" tag="650"><subfield code="a">Race relations.</subfield><subfield code="2">fast</subfield><subfield code="0">(OCoLC)fst01086509</subfield></datafield><datafield ind1=" " ind2="7" tag="651"><subfield code="a">Illinois</subfield><subfield code="z">Chicago.</subfield><subfield code="2">fast</subfield><subfield code="0">(OCoLC)fst01204048</subfield></datafield><datafield ind1=" " ind2="7" tag="651"><subfield code="a">Illinois</subfield><subfield code="z">Cook County.</subfield><subfield code="2">fast</subfield><subfield code="0">(OCoLC)fst01205334</subfield></datafield><datafield ind1=" " ind2="7" tag="651"><subfield code="a">United States.</subfield><subfield code="2">fast</subfield><subfield code="0">(OCoLC)fst01204155</subfield></datafield><datafield ind1="0" ind2="2" tag="740"><subfield code="a">World news examiner.</subfield></datafield><datafield ind1=" " ind2=" " tag="752"><subfield code="a">United States</subfield><subfield code="b">Illinois</subfield><subfield code="c">Cook County</subfield><subfield code="d">Chicago.</subfield></datafield><datafield ind1="0" ind2="0" tag="780"><subfield code="t">Bilalian news</subfield><subfield code="x">0161-8644</subfield><subfield code="w">(DLC)sn 78004682</subfield><subfield code="w">(OCoLC)2975269</subfield></datafield><datafield ind1="0" ind2="0" tag="785"><subfield code="t">A.M. news (Chicago, Ill.)</subfield><subfield code="x">0744-7647</subfield><subfield code="w">(DLS)sn 82017081</subfield><subfield code="w">(OCoLC)8479022</subfield></datafield><datafield ind1=" " ind2=" " tag="850"><subfield code="a">CU-SB</subfield><subfield code="a">CoFS</subfield><subfield code="a">ICarbS</subfield><subfield code="a">KMK</subfield><subfield code="a">MiD</subfield><subfield code="a">MoU</subfield><subfield code="a">NNC</subfield><subfield code="a">NjR</subfield><subfield code="a">OU</subfield><subfield code="a">P</subfield></datafield></record>